@online {ip_addr,
	author = {Michael Kerrisk},
	title = {Linux manual page},
	year = {2024},
    url = {https://man7.org/linux/man-pages/man8/ip-address.8.html},
	note = {dostęp: 14.11.2024}
}


@online {perf,
	author = {Rik van Riel, Shen Feng},
	title = {Documentation for /proc/sys/kernel},
	year = {2009},
    url = {https://docs.kernel.org/admin-guide/sysctl/kernel.html},
	note = {dostęp: 14.11.2024}
}

