% Głównie rozdział 4
@article {googleKubernetes,
	author = {Brendan Burns and Brian Grant and David Oppenheimer and Eric Brewer and John Wilkes},
	title = {Borg, {Omega} And {Kubernetes}},
	journal = {Communications Of The ACM},
	year = {2016},
	volume = {59},
	number = {5}
}
