@online {dockerVolume,
	author = {Docker, Inc},
	title = {Docker Volume - Dokumentacja Online},
	year = {2024},
	url = {https://docs.docker.com/engine/storage/volumes/},
	note = {dostęp: 24.09.2024}
}

@online {dockerSwarm,
	author = {Docker, Inc},
	title = {Docker Swarm - Dokumentacja Online},
	year = {2024},
	url = {https://docs.docker.com/engine/swarm/},
	note = {dostęp: 23.09.2024}
}

@online {dockerCompose,
	author = {Docker, Inc},
	title = {Docker Compose - Dokumentacja Online},
	year = {2024},
	url = {https://docs.docker.com/compose/},
	note = {dostęp: 23.09.2024}
}

@online {proxmox,
	author = {Proxmox Server Solutions GmbH},
	title = {Proxmox - Dokumentacja Online},
	year = {2024},
	url = {https://www.proxmox.com/en/},
	note = {dostęp: 12.11.2024}
}

@online {dockerConstraints,
	author = {Docker, Inc},
	title = {Docker Constraints - Dokumentacja Online},
	year = {2024},
	url = {https://docs.docker.com/engine/containers/resource_constraints/},
	note = {dostęp: 15.11.2024}
}

@online {dockerBindMounts,
	author = {Docker, Inc},
	title = {Docker Bind Mounts - Dokumentacja Online},
	year = {2024},
	url = {https://docs.docker.com/engine/storage/bind-mounts/},
	note = {dostęp: 15.11.2024}
}


