@online {elastic,
	author = {Elasticsearch B.V.},
	title = {Oficjalna strona platformy Elasticstack},
	year = {2024},
    url = {https://www.elastic.co/elastic-stack},
	note = {dostęp: 14.11.2024}
}

@online {elasticLicencje,
	author = {Elasticsearch B.V.},
	title = {Cennik udostępniony przez firmę Elastic},
	year = {2024},
    url = {https://www.elastic.co/subscriptions},
	note = {dostęp: 14.11.2024}
}

@online {metricbeat,
	author = {Elasticsearch B.V.},
	title = {Lista modułów wspieranych przez serwis Metricbeat},
	year = {2024},
    url = {https://www.elastic.co/guide/en/beats/metricbeat/current/metricbeat-modules.html},
	note = {dostęp: 11.12.2024}
}

@online {metricbeat_work,
	author = {Elasticsearch B.V.},
	title = {Opis działania serwisu Metricbeat},
	year = {2024},
    url = {https://www.elastic.co/guide/en/beats/metricbeat/current/metricbeat-modules.html},
	note = {dostęp: 11.12.2024}
}
