@online {gigabyteX670,
	author = {Gigabyte Technology Co Ltd.},
	title = {Strona produktu Gigabyte X670 Gaming AX V2},
	year = {2024},
	url = {https://www.gigabyte.pl/products/page/mb/X670-GAMING-X-AX-V2-rev-10/kf},
	note = {dostęp: 02.11.2024}
}


@online {ryzen,
	author = {Advanced Micro Services Inc},
	title = {Strona produktu AMD Ryzen 7950X},
	year = {2024},
	url = {https://www.amd.com/en/products/processors/desktops/ryzen/7000-series/amd-ryzen-9-7950x.html},
	note = {dostęp: 02.11.2024}
}

@online {patriotRam,
	author = {Patriot Memory Llc},
	title = {Strona produktu Viper Venom DDR5},
	year = {2024},
	url = {https://viper.patriotmemory.com/products/viper-venom-ddr5-performance-ram},
	note = {dostęp: 02.11.2024}
}

@online {coolermaster,
	author = {be quiet! Gmbh},
	title = {Strona produktu Shadow Rock 3},
	year = {2024},
	url = {https://www.bequiet.com/pl/cpucooler/1743},
	note = {dostęp: 02.11.2024}
}

@online {samsungSsd,
	author = {Samsung Inc},
	title = {Strona produktu 990 EVO PCle 4.0 NVMe™ M.2 SSD 1TB},
	year = {2024},
	url = {https://www.samsung.com/pl/memory-storage/nvme-ssd/990-evo-1tb-mz-v9e1t0bw/},
	note = {dostęp: 02.11.2024}
}

@online {sataSsd,
	author = {Silicon Power Inc},
	title = {Strona produktu Ace A55},
	year = {2024},
	url = {https://www.silicon-power.com/web/pl/product-Ace_A55},
	note = {dostęp: 02.11.2024}
}

@online {zasilka,
	author = {Gigabyte Technology Co Ltd.},
	title = {Strona produktu UD1000GM PG5},
	year = {2024},
	url = {https://www.gigabyte.com/pl/Power-Supply/GP-UD1000GM-PG5-rev-20/sp#sp},
	note = {dostęp: 02.11.2024}
}

@online {obudowa,
	author = {Silver Monkey sp. z o.o.},
	title = {Instrukcja obsługi obudowy SMXC008},
	year = {2024},
	url = {https://silvermonkey.com/wp-content/uploads/2023/01/Case-Fence-TG.pdf},
	note = {dostęp: 02.11.2024}
}

@online {intelTdp,
	author = {Intel Corporation},
	title = {Dokumentacja online dotycząca TDP w procesorach marki Intel},
	year = {2024},
	url = {https://www.intel.com/content/www/us/en/support/articles/000055611/processors.html},
	note = {dostęp: 02.11.2024}
}

@online {amdPpt,
	author = {Advanced Micro Services Inc},
	title = {Oficjalny wpis na forum społeczności zestawiający wartości TDP i PPT procesorów Ryzen},
	year = {2024},
	url = {https://community.amd.com/t5/gaming/ryzen-7000-series-processors-let-s-talk-about-power-temperature/ba-p/554629},
	note = {dostęp: 02.11.2024}
}

@online {testyMocy,
	author = {Gavin Bonshor},
	title = {A Lighter Touch: Exploring CPU Power Scaling On Core i9-13900K and Ryzen 9 7950X},
	year = {2024},
	url = {https://www.anandtech.com/show/17641/lighter-touch-cpu-power-scaling-13900k-7950x},
	note = {dostęp: 02.11.2024}
}

@online {throttling,
	author = {Alexander England},
	title = {All About Thermal Throttling},
	year = {2024},
	url = {https://www.pugetsystems.com/support/guides/thermal-throttling/},
	note = {dostęp: 06.11.2024}
}
