@online {procesKompilacji,
	author = {Prof. Douglas Thain},
	title = {Introduction to Compilers and Language Design Second edition},
	year = {2023},
    url = {https://www3.nd.edu/~dthain/compilerbook/},
	note = {dostÄ™p: 14.11.2024}
}
