@online {k8sMain, 
	author = {Cloud Native Computer Foundation},
	title = {Strona Główna Platformy Kubernetes},
	year = {2024},
	url = {https://kubernetes.io},
	note = {dostęp: 23.09.2024}
}

@online {k8sPod,
	author = {Cloud Native Computer Foundation},
	title = {Kubernetes Pod - Dokumentacja Online},
	year = {2024},
	url = {https://kubernetes.io/docs/concepts/workloads/pods/pod-lifecycle/},
	note = {dostęp: 23.09.2024}
}

@online {k8sDns,
	author = {Cloud Native Computer Foundation},
	title = {DNS Kubernetes - Dokumentacja Online},
	year = {2024},
	url = {https://kubernetes.io/docs/concepts/services-networking/dns-pod-service/},
	note = {dostęp: 23.09.2024}
}

@online {k8sService,
	author = {Cloud Native Computer Foundation},
	title = {Serwis Kubernetes - Dokumentacja Online},
	year = {2024},
	url = {https://kubernetes.io/docs/concepts/services-networking/service/},
	note = {dostęp: 23.09.2024}
}

@online {k8sIngress,
	author = {Cloud Native Computer Foundation},
	title = {Ingress Kubernetes - Dokumentacja Online},
	year = {2024},
	url = {https://kubernetes.io/docs/concepts/services-networking/ingress/},
	note = {dostęp: 23.09.2024}
}

@online {k8sStateful,
	author = {Cloud Native Computer Foundation},
	title = {StatefulSet Kubernetes - Dokumentacja Online},
	year = {2024},
	url = {https://kubernetes.io/docs/tutorials/stateful-application/basic-stateful-set/},
	note = {dostęp: 24.09.2024}
}

@online {microk8s,
	author = {Canonical, LLC},
	title = {Strona główna MicroKubernetes},
	year = {2024},
	url = {https://microk8s.io/},
	note = {dostęp: 23.09.2024}
}

@online {k8sHelm,
	author = {Cloud Native Computer Foundation},
	title = {Strona główna menadżera paczek Helm},
	year = {2024},
	url = {https://helm.sh/},
	note = {dostęp: 23.09.2024}
}

