@online {linuxFhs,
	author = {Linux Foundation},
	title = {Filesystem Hierarchy Standard - dokumentacja online},
	year = {2024},
	url = {https://refspecs.linuxfoundation.org/FHS_3.0/fhs-3.0.pdf},
	note = {dostęp: 15.11.2024}
}

@online {linuxUbuntu,
	author = {Canonical Ltd},
	title = {Ubuntu - strona główna dystrybucji Linux},
	year = {2024},
	url = {https://ubuntu.com},
	note = {dostęp: 15.11.2024}
}

@online {linuxNproc,
	author = {Linux Man Pages},
	title = {Manual polecenia nproc, Linux},
	year = {2024},
	url = {https://linux.die.net/man/1/nproc},
	note = {dostęp: 23.11.20}
}

@online {linuxFree,
	author = {Linux Man Pages},
	title = {Manual polecenia free, Linux},
	year = {2024},
	url = {https://linux.die.net/man/1/free},
	note = {dostęp: 15.11.20}
}