@online {12fa, 
	title = {Strona Główna 12 Factor App},
	year = {2024},
	url = {https://12factor.net/},
	note = {dostęp: 26.11.2024}
}
