@online {nix-shell, 
	title = {nix-shell - Dokumentacja Online},
	year = {2024},
	url = {https://nix.dev/manual/nix/2.18/command-ref/nix-shell},
	note = {dostęp: 20.11.2024}
}

@online {nix-repo, 
	title = {Główne Repozytorium Nix},
	year = {2024},
	url = {https://github.com/NixOS/nix},
	note = {dostęp: 20.11.2024}
}

@online {systemd, 
	title = {Artykuł Dotyczący Systemd Na Platformie Wikipedia},
	year = {2024},
	url = {https://en.wikipedia.org/wiki/Systemd},
	note = {dostęp: 20.11.2024}
}

@online {systemd-service, 
	title = {Instrukcja Obsługi Serwisów Systemd},
	year = {2024},
	url = {https://www.freedesktop.org/software/systemd/man/latest/systemd.service.html},
	note = {dostęp: 20.11.2024}
}
