@online {pythonAbc,
	author = {Python Software Foundation},
	title = {Python Abstract Base Classes - Dokumentacja Online},
	year = {2024},
	url = {https://docs.python.org/3/library/abc.html},
	note = {dostÄ™p: 15.11.2024}
}
