@online {sqlite,
	author = {SQLite Development Team},
	title = { SQLite - Dokumentacja Online},
	year = {2023},
	url = {https://www.sqlite.org/docs.html},
	note = {dostÄ™p 9.12.2024}
}