https://microsoft.fandom.com/wiki/Architecture_of_Windows_NT
@online {windowsNT,
	author = {Microsoft Fandom},
	title = {Architektura jądra Windows NT},
	url = {https://microsoft.fandom.com/wiki/Architecture_of_Windows_NT},
	note = {dostęp: 15.11.2024}
}

@online {windowsHybridKernel,
	author = {Microsoft Fandom},
	title = {Jądro hybrydowe},
	url = {https://microsoft.fandom.com/wiki/Hybrid_kernel},
	note = {dostęp: 15.11.2024}
}

@online {windowsMarketShare,
	author = {StatCounter},
	title = {Statystki udziału systemów operacyjnych na komputerach osobistych},
	url = {https://gs.statcounter.com/os-market-share/desktop/worldwide/},
	note = {dostęp 21.11.2024}
}
