@online {wineprefix,
	author = {The Wine Project},
	title = {Wpis w oficjanym repozytorium Wine dotyczący Wineprefix},
	url = {https://gitlab.winehq.org/wine/wine/-/wikis/FAQ#Wineprefixes},
	note = {dostęp: 21.11.2024}
}

@online {wine,
	author = {The Fedora Project},
	title = {Oficjalna strona Wine},
	url = {https://www.winehq.org},
	note = {dostęp: 21.11.2024}
}

@online {winetricks,
	author = {The Wine Project},
	title = {Wpis w oficjanym repozytorium Wine dotyczący Winetricks},
	url = {https://gitlab.winehq.org/wine/wine/-/wikis/Winetricks},
	note = {dostęp: 21.11.2024}
}

@online {proton,
	author = {Valve Corporation},
	title = {Oficjalne repozytorium Proton},
	url = {https://github.com/ValveSoftware/Proton},
	note = {dostęp 21.11.2024}
}

@online {wineBasedProjects,
	author = {CodeWeavers},
	title = {Artykuł o programach bazujących na Wine},
	url = {https://www.codeweavers.com/blog/alasky/2019/3/21/wine-crossover-and-proton-whats-the-relation },
	note = {dostęp 21.11.2024}
}

@online {crossover,
	author = {CodeWeavers},
	title = {CrossOver - oficjalna strona produktu},
	url = {https://www.codeweavers.com/crossover},
	note = {dostęp 21.11.2024}
}

@online {wineHack,
	author = {Pointers To The Void},
	title={Attacking Wine - Part 1},
	url={https://schlafwandler.github.io/posts/attacking-wine-part-i/},
	note = {dostęp 12.12.2024}
}
