@online {xcpNetwork, 
	author = {Vates SAS},
	title = {Konfiguracja Sieci W Ramach {xcp-ng} - Dokumentacja Online},
	year = {2024},
	url = {https://xcp-ng.org/docs/networking.html},
	note = {dostęp: 13.11.2024}
}

@online {xcp,
	author = {Vates SAS},
	title = {{xcp-ng} - Strona Główna},
	year = {2024},
	url = {https://xcp-ng.org/},
	note = {dostęp: 12.11.2024}
}

@online {xoa,
	author = {Vates SAS},
	title = {Xen Orchestra - Dokumentacja Online},
	year = {2024},
	url = {https://docs.xen-orchestra.com/},
	note = {dostęp: 15.11.2024}
}

@online {vswitch,
	title = {{Open vSwitch} - Dokumentacja Online},
	year = {2024},
	url = {https://docs.openvswitch.org/en/latest/},
	note = {dostęp: 12.11.2024}
}
